@inproceedings{backquote,
  author    = {Alan Bawden},
  title     = {Quasiquotation in Lisp},
  booktitle = {Proceedings of the 1999 {ACM} {SIGPLAN} Workshop on Partial Evaluation
               and Semantics-Based Program Manipulation, San Antonio, Texas, USA,
               January 22-23, 1999. Technical report {BRICS-NS-99-1}},
  pages     = {4--12},
  year      = {1999}
}

